@article{pascual199012,
   title       = "12 An essay on wisdom: toward organismic processes that make it possible",
   author      = "Pascual-Leone, Juan",
   journal     = "Wisdom: Its nature, origins, and development",
   pages       = "244",
   year        = "1990",
   publisher   = "Cambridge University Press"
}
@book{mycite2016,
   title       = "Nombre del documento a citar",
   author      = "Paterno-Materno, Nombres",
   year        = "2016"
}
@report{Chavez-Campos2016,
   title       = "Desarrollo de un protocolo de investigación",
   author      = "Chávez-Campos, Gerardo Marx",
   year        = "2016",
   publisher   = "ITM"
}
@online{webdev:2018:online,
   author      = "Herbert Arias",
   title       = "The 2018 Web Developer Roadmap - An ilustrated map to
                 becoming a Fronted or Backend Developer with links to
                 courses.",
   url         = "https://codeburst.io/the-2018-web-developer-roadmap-826b1b806e8d",
   year        = "2018"
}
@book{SergioLujan2001,
   title       = "Programación en Internet: clientes web",
   author      = "Luján-Mora, Sergio",
   url         = "http://hdl.handle.net/10045/16994",
   year        = "2001"
}
@article{NataliaVazquezWeb2007,
   title       = "Educación y biblioteca, n. 161",
   author      = "Natalia Arroyo-Vázquez",
   journal     = "Educación y biblioteca",
   pages       = "69-74",
   url         = "https://gredos.usal.es/jspui/handle/10366/108883",
   year        = "2007",
   publisher   = "Asociación Educación y Bibliotecas Tilde (Madrid, España)"
}
@online{WebDev:2018:online,
   author      = "Kamran Ahmed",
   title       = "Web developer Roadmap - 2018",
   url         = "https://github.com/xguestone/developer-roadmap",
   year        = "2018"
}
@book{ScottBenGit2014,
   title       = "Pro Git Second Edition",
   author      = "Scott Chacon, Ben Straub",
   url         = "https://git-scm.com/book/en/v2",
   year        = "2014"
}
@online{Ssh:2018:online,
   author      = "SSH Communications Security, Inc.",
   title       = "SSH (Secure shell)",
   url         = "https://www.ssh.com/ssh/",
   year        = "2018"
}
@online{HTTP:2018:online,
   author      = "R. Fielding, J. Gettys",
   title       = "Hypertext Transfer Protocol -- HTTP/1.1",
   url         = "https://www.w3.org/Protocols/rfc2616/rfc2616.html",
   year        = "2018"
}
@online{HTTPS:2018:online,
   author      = "An official website of the United States government",
   title       = "The HTTPS - Only Standard",
   url         = "https://https.cio.gov/",
   year        = "2018"
}
@book{ChrisNegusLinux2005,
   title       = "Linux Bible Ninth Edition, The comprehensive, tutorial resource.",
   author      = "Christopher Negus",
   year        = "2005"
}
@book{JoyanesProg2008,
   title       = "Fundamentos de Programación.",
   author      = "Luis Joyanes Aguilar",
   year        = "2008"
}
@online{GuidesGitHub:2018:online,
   author      = "Tom Preston-Werner,Chris Wanstrath",
   title       = "GitHub Guides",
   url         = "https://guides.github.com/",
   year        = "2018"
}
@online{HTMLw3:2018:online,
   author      = "Refsnes Data",
   title       = "HTML5 Tutorial",
   url         = "https://www.w3schools.com/html/",
   year        = "2018"
}
@online{PluralsightJavaScript:2018:online,
   author      = "Jim Cooper,Barry Luijbregts",
   title       = "JavaScript.com by Pluralsight",
   url         = "https://www.javascript.com/try",
   year        = "2018"
}
@online{JavaScriptw3:2018:online,
   author      = "Refsnes Data",
   title       = "JavaScript Tutorial",
   url         = "https://www.w3schools.com/js/default.asp",
   year        = "2018"
}
@online{PythonTuto:2018:online,
   author      = "Guido van Rossum",
   title       = "The Python Tutorial",
   url         = "https://docs.python.org/3/tutorial/index.html",
   year        = "2018"
}
@book{IntroPython2008,
   title       = "Introducción a la programación con Python 3",
   author      = "Marzal Andrés, Gracia Isabel, Gracia Pedro",
   url         = "http://repositori.uji.es/xmlui/handle/10234/102653?locale-attribute=es",
   year        = "2014"
}
@book{Python3Descubierto,
   title       = "Python 3 al descubierto",
   author      = "Arturo Fernández Montoro",
   year        = "2012"
}
@article{GutierrezFramework,
   title       = "¿Qué es un framework web?",
   author      = "Javier J. Gutiérrez.",
   pages       = "4",
   url         = "http://www.lsi.us.es/~javierj/investigacion_ficheros/Framework.pdf",
   year        = "2014",
}
@book{LuisGitHub2016,
   title       = "Git y GitHub. Guía de Supervivencia.",
   author      = "Luis José Sánchez González",
   url         = "http://leanpub.com/gitygithub",
   year        = "2016"
}
@book{StallmanFS2004,
   title       = "Software libre para una sociedad libre",
   author      = "Richard M. Stallman",
   url         = "https://www.gnu.org/philosophy/fsfs/free_software.es.pdf",
   year        = "2008"
}
@online{EncuestaJS2018:online,
   author      = "Sacha Greif, Raphael Benitte, Michael Rambeau",
   title       = "The State of JavaScript 2018",
   url         = "https://2018.stateofjs.com/",
   year        = "2018"
}
@online{GoogleTrends2018:online,
   author      = "Google Google",
   title       = "React, Angular, Vue.js - Google Trends",
   url         = "https://trends.google.es/trends/explore?q=%2Fm%2F012l1vxv,%2Fm%2F0j45p7w,%2Fg%2F11c0vmgx5d",
   year        = "2018"
}
